@online{Wuerfelbild,
author = {Peter Denning},
title = {Can a Rubikâ€™s Cube Teach You Programming?},
year = {2016},
url = {https://blog.ubiquity.acm.org/can-a-rubiks-cube-teach-you-programming/},
OPTdate = {25.11.2019}

}


